<?xml version="1.0" encoding="UTF-8"?><record xmlns="http://www.loc.gov/MARC21/slim" xmlns:cinclude="http://apache.org/cocoon/include/1.0" xmlns:zs="http://www.loc.gov/zing/srw/">
  <leader>00903cz  a2200193n  4500</leader>
  <controlfield tag="001">n  80128830 </controlfield>
  <controlfield tag="003">DLC</controlfield>
  <controlfield tag="005">20150605121327.0</controlfield>
  <controlfield tag="008">801008n| azannaabn          |a aaa      </controlfield>
  <datafield tag="010" ind1=" " ind2=" ">
    <subfield code="a">n  80128830 </subfield>
  </datafield>
  <datafield tag="035" ind1=" " ind2=" ">
    <subfield code="a">(OCoLC)oca00509230</subfield>
  </datafield>
  <datafield tag="040" ind1=" " ind2=" ">
    <subfield code="a">DLC</subfield>
    <subfield code="b">eng</subfield>
    <subfield code="e">rda</subfield>
    <subfield code="c">DLC</subfield>
    <subfield code="d">DLC</subfield>
    <subfield code="d">OCoLC</subfield>
    <subfield code="d">DLC</subfield>
  </datafield>
  <datafield tag="046" ind1=" " ind2=" ">
    <subfield code="f">1904</subfield>
  </datafield>
  <datafield tag="100" ind1="1" ind2=" ">
    <subfield code="a">Romankov, P. G.</subfield>
    <subfield code="q">(Petr Grigorʹevich)</subfield>
  </datafield>
  <datafield tag="400" ind1="1" ind2=" ">
    <subfield code="w">nnea</subfield>
    <subfield code="a">Romankov, Petr Grigorʹevich</subfield>
  </datafield>
  <datafield tag="670" ind1=" " ind2=" ">
    <subfield code="a">Pavlov, K. F. Primery i zadachi po kursu prot︠s︡essov i apparatov khimicheskoĭ tekhnologii, 1950.</subfield>
  </datafield>
  <datafield tag="670" ind1=" " ind2=" ">
    <subfield code="a">Protodʹi︠a︡konov, I. O. I︠A︡vlenii︠a︡ perenosa v prot︠s︡essakh khimicheskoĭ tekhnologii, 1981:</subfield>
    <subfield code="b">t.p. (P. G. Romankov)</subfield>
  </datafield>
  <datafield tag="670" ind1=" " ind2=" ">
    <subfield code="a">Protodʹi︠a︡konov, I.O. Gidrodinamika i massoobmen v dispersnykh sistemakh ... 1986:</subfield>
    <subfield code="b">t.p. (chl.-kor. AN SSSR P.G. Romankov)</subfield>
  </datafield>
  <datafield tag="670" ind1=" " ind2=" ">
    <subfield code="a">Sov. ėnt︠s︡ikl. slov., 4th ed.:</subfield>
    <subfield code="b">p. 1136 (Romankov Petr Grig.; b. 1904)</subfield>
  </datafield>
</record>